 @online{landingai, 
    title={Landing {AI} Creates an {AI} Tool to Help Customers Monitor Social Distancing in the Workplace},
    url={https://landing.ai/landing-ai-creates-an-ai-tool-to-help-customers-monitor-social-distancing-in-the-workplace/}, 
    year={2020}, 
    month={Jun},
    day={16}
} 
@article{ethicalguidelinescdc, 
    title={Ethical Guidelines in Pandemic Influenza: Recommendations of the Ethics Subcommittee of the Advisory Committee of the Director, {Centers for Disease Control and Prevention}}, 
    volume={3}, 
    DOI={10.1097/DMP.0b013e3181ac194f}, 
    number={S2}, 
    journal={Disaster Medicine and Public Health Preparedness}, 
    publisher={Cambridge University Press}, 
    author={Kinlaw, Kathy and Barrett, Drue H. and Levine, Robert J.}, 
    year={2009}, 
    pages={S185â€“S192}
}
@article{socdistksomaiya,
  doi = {10.2139/ssrn.3669311},
  url = {https://doi.org/10.2139/ssrn.3669311},
  year = {2020},
  publisher = {Elsevier {BV}},
  author = {Rinkal Keniya and Ninad Mehendale},
  title = {Real-Time Social Distancing Detector Using {Socialdistancingnet-19} Deep Learning Network},
  journal = {{SSRN} Electronic Journal}
}
@article{socialdistyolo,
    title={Monitoring {COVID-19} social distancing with person detection and tracking via fine-tuned {YOLO} v3 and {Deepsort} techniques}, 
    author={Narinder Singh Punn and Sanjay Kumar Sonbhadra and Sonali Agarwal},
    year={2020},
    eprint={2005.01385},
    archivePrefix={arXiv},
    primaryClass={cs.CV}
}
@article{groundplanedetection,
  author={A. {Cherian} and V. {Morellas} and N. {Papanikolopoulos}},
  booktitle={2009 IEEE International Conference on Robotics and Automation}, 
  title={Accurate 3D ground plane estimation from a single image}, 
  year={2009},
  volume={},
  number={},
  pages={2243-2249},
  doi={10.1109/ROBOT.2009.5152260}}